<mx:record xmlns="http://www.w3.org/TR/xhtml1/strict" xmlns:mx="http://www.loc.gov/MARC21/slim" xmlns:xsi="http://www.w3.org/2001/XMLSchema-instance"><mx:leader>00000nz   2200000n  0000</mx:leader><mx:controlfield tag="001">oca03709528 </mx:controlfield><mx:controlfield tag="005">19941029112447.9</mx:controlfield><mx:controlfield tag="008">940829n| acannaab           |a aaa     c</mx:controlfield><mx:datafield ind1=" " ind2=" " tag="010"><mx:subfield code="a">nr 94028610</mx:subfield></mx:datafield><mx:datafield ind1=" " ind2=" " tag="040"><mx:subfield code="a">UPB</mx:subfield><mx:subfield code="c">UPB</mx:subfield></mx:datafield><mx:datafield ind1="0" ind2=" " tag="100"><mx:subfield code="a">Dorotheus,</mx:subfield><mx:subfield code="c">of Sidon</mx:subfield></mx:datafield><mx:datafield ind1="0" ind2=" " tag="400"><mx:subfield code="a">Dorotheus,</mx:subfield><mx:subfield code="c">Sidonius</mx:subfield></mx:datafield><mx:datafield ind1=" " ind2=" " tag="670"><mx:subfield code="a">Dorothei Sidonii Carmen astrologicum ... 1976</mx:subfield></mx:datafield><mx:datafield ind1=" " ind2=" " tag="670"><mx:subfield code="a">Oxford classical dictionary, 1970:</mx:subfield><mx:subfield code="b">p. 363 (Dorotheus of Sidon; 1st or beginning of 2nd c. A.D. astrological poet)</mx:subfield></mx:datafield><mx:datafield ind1=" " ind2=" " tag="670"><mx:subfield code="a">RLIN, 8/29/94</mx:subfield><mx:subfield code="b">(hdg.: Dorotheus, of Sidon)</mx:subfield></mx:datafield><mx:datafield ind1=" " ind2=" " tag="999"><mx:subfield code="a">342</mx:subfield></mx:datafield></mx:record>